<record><leader>00000cas a22000007a 4500</leader><controlfield tag="001">13039549</controlfield><controlfield tag="008">860120c19329999utucr ne      0    0eng d</controlfield><datafield ind1=" " ind2=" " tag="010"><subfield code="a">sn 86091026 </subfield></datafield><datafield ind1=" " ind2=" " tag="040"><subfield code="a">UNP</subfield><subfield code="b">eng</subfield><subfield code="c">UNP</subfield><subfield code="d">UUS</subfield><subfield code="d">OCL</subfield><subfield code="d">OCLCQ</subfield><subfield code="d">OCLCF</subfield><subfield code="d">OCLCO</subfield><subfield code="d">OCL</subfield></datafield><datafield ind1=" " ind2=" " tag="019"><subfield code="a">32965508</subfield></datafield><datafield ind1=" " ind2=" " tag="032"><subfield code="a">52638000</subfield><subfield code="b">USPS</subfield></datafield><datafield ind1=" " ind2=" " tag="042"><subfield code="a">msc</subfield></datafield><datafield ind1=" " ind2=" " tag="043"><subfield code="a">n-us-ut</subfield></datafield><datafield ind1=" " ind2="4" tag="050"><subfield code="a">AN2.U8</subfield><subfield code="b">S86</subfield></datafield><datafield ind1="0" ind2="4" tag="245"><subfield code="a">The Sun-advocate.</subfield></datafield><datafield ind1=" " ind2=" " tag="260"><subfield code="a">Price, Utah :</subfield><subfield code="b">J.L. Asbury,</subfield><subfield code="c">1932-</subfield></datafield><datafield ind1=" " ind2=" " tag="300"><subfield code="a">v. :</subfield><subfield code="b">ill. ;</subfield><subfield code="c">56 cm.</subfield></datafield><datafield ind1=" " ind2=" " tag="310"><subfield code="a">Semiweekly,</subfield><subfield code="b">Oct. 16, 1976-</subfield></datafield><datafield ind1=" " ind2=" " tag="321"><subfield code="a">Weekly,</subfield><subfield code="b">1932-Oct. 14, 1976</subfield></datafield><datafield ind1="0" ind2=" " tag="362"><subfield code="a">Vol. 37, no. 49 (Dec. 8, 1932)-</subfield></datafield><datafield ind1=" " ind2=" " tag="500"><subfield code="a">"The Voice of Utah's Castle Country."</subfield></datafield><datafield ind1=" " ind2=" " tag="525"><subfield code="a">Supplements accompany some issues.</subfield></datafield><datafield ind1=" " ind2=" " tag="580"><subfield code="a">Formed by the union of: Sun (Price, Utah), and: News-advocate (Price, Utah), continuing the numbering of the latter.</subfield></datafield><datafield ind1=" " ind2=" " tag="580"><subfield code="a">Issued Sun journal (Price, Utah) as Saturday ed., Oct. 16, 1976-June 4, 1977; then absorbed same.</subfield></datafield><datafield ind1=" " ind2="0" tag="650"><subfield code="a">Newspapers.</subfield></datafield><datafield ind1=" " ind2="7" tag="650"><subfield code="a">Newspapers.</subfield><subfield code="2">fast</subfield><subfield code="0">(OCoLC)fst01037111</subfield></datafield><datafield ind1=" " ind2=" " tag="752"><subfield code="a">United States</subfield><subfield code="b">Utah</subfield><subfield code="c">Carbon</subfield><subfield code="d">Price.</subfield></datafield><datafield ind1="1" ind2=" " tag="775"><subfield code="t">Sun journal (Price, Utah)</subfield><subfield code="w">(DLC)sn 86091020</subfield><subfield code="w">(OCoLC)13039485</subfield></datafield><datafield ind1="1" ind2="4" tag="780"><subfield code="t">Sun (Price, Utah)</subfield><subfield code="w">(DLC)sn 86091025</subfield><subfield code="w">(OCoLC)13039522</subfield></datafield><datafield ind1="1" ind2="4" tag="780"><subfield code="t">News-advocate (Price, Utah)</subfield><subfield code="w">(DLC)sn 86091024</subfield><subfield code="w">(OCoLC)13039514</subfield></datafield><datafield ind1="1" ind2="5" tag="780"><subfield code="t">Sun journal (Price, Utah)</subfield><subfield code="w">(DLC)sn 86091020</subfield><subfield code="w">(OCoLC)13039485</subfield></datafield></record>